@Misc{KDE:Techbase:CMake,
  key = 	 {KDE Community Wiki on CMake},
  OPTauthor = 	 {},
  title =	 {{KDE} Guidelines and {HOWTOs/CMake}},
  OPThowpublished = {},
  month =        {Jun.},
  year =	 {2016},
  note =	 {\url{https://community.kde.org/Guidelines_and_HOWTOs/CMake}},
  OPTannote = 	 {}
}
@Misc{LLVM:CMakePrimer,
  key = 	 {LLVM Documentation on CMake},
  OPTauthor = 	 {},
  title =	 {A CMake Primer},
  OPThowpublished = {},
  month =        {Jun.},
  year =	 {2016},
  note =	 {\url{https://llvm.org/svn/llvm-project/llvm/trunk/docs/CMakePrimer.rst}},
  OPTannote = 	 {}
}

@Misc{CMake:Home,
  key = 	 {CMake},
  OPTauthor = 	 {},
  title =	 {{CMake} home page},
  OPThowpublished = {},
  month =        {Jun.},
  year =	 {2016},
  note =	 {\url{https://cmake.org}},
  OPTannote = 	 {}
}

@Misc{CMake:Documentation,
  key = 	 {CMake online documentation},
  OPTauthor = 	 {},
  title =	 {{CMake} online documentation},
  OPThowpublished = {},
  month =        {Jun.},
  year =	 {2016},
  note =	 {\url{https://cmake.org/documentation}},
  OPTannote = 	 {}
}

@Misc{CMake:Wiki,
  key = 	 {CMake Wiki},
  OPTauthor = 	 {},
  title =	 {{CMake} {Wiki}},
  OPThowpublished = {},
  month =        {Jun.},
  year =	 {2016},
  note =	 {\url{https://cmake.org/Wiki/CMake}},
  OPTannote = 	 {}
}

@Misc{CDash:Home,
  key = 	 {CDash},
  OPTauthor = 	 {},
  title =	 {{CDash} home page},
  OPThowpublished = {},
  month =        {Jun.},
  year =	 {2016},
  note =	 {\url{http://www.cdash.org}},
  OPTannote = 	 {}
}

@Book{CMakeBookv6,
  author = 	 {Ken Martin and Bill Hoffman},
  OPTeditor = 	 {},
  title = 	 {Mastering CMake: A Cross-Platform Build System},
  publisher = 	 {Kitware, Inc.},
  year = 	 {2016},
  OPTkey = 	 {},
  OPTvolume = 	 {},
  OPTnumber = 	 {},
  OPTseries = 	 {},
  OPTaddress = 	 {},
  edition =      {6th edition, based on {CMake} 3.1},
  OPTmonth = 	 {January},
  note =         {ISBN~978-1-930934-31-3},
  OPTannote = 	 {}
}

@Book{CMakeBookv5,
  author = 	 {Ken Martin and Bill Hoffman},
  OPTeditor = 	 {},
  title = 	 {Mastering CMake: A Cross-Platform Build System},
  publisher = 	 {Kitware, Inc.},
  year = 	 {2010},
  OPTkey = 	 {},
  OPTvolume = 	 {},
  OPTnumber = 	 {},
  OPTseries = 	 {},
  OPTaddress = 	 {},
  edition =      {5th edition},
  OPTmonth = 	 {},
  note =         {ISBN-13~978-1930934221},
  OPTannote = 	 {}
}
